<?xml version="1.0" encoding="UTF-8"?>
<collection xmlns="http://www.loc.gov/MARC21/slim" xmlns:xsi="http://www.w3.org/2001/XMLSchema-instance" xmlns:marc="http://www.loc.gov/MARC21/slim" xsi:schemaLocation="http://www.loc.gov/MARC21/slim http://www.loc.gov/standards/marcxml/schema/MARC21slim.xsd">
   <record><marc:leader>00861cas a2200265 a 4500</marc:leader><marc:controlfield tag="001">1951502</marc:controlfield><marc:controlfield tag="005">20140603102329.0</marc:controlfield><marc:controlfield tag="008">841025d19021912fr sr p       0    0fre d</marc:controlfield><marc:datafield tag="035" ind1=" " ind2=" "><marc:subfield code="a">(OCoLC)ocm11309738</marc:subfield></marc:datafield><marc:datafield tag="035" ind1=" " ind2=" "><marc:subfield code="9">CHB8878TS</marc:subfield></marc:datafield><marc:datafield tag="040" ind1=" " ind2=" "><marc:subfield code="a">VRR</marc:subfield><marc:subfield code="c">VRR</marc:subfield><marc:subfield code="d">IUL</marc:subfield><marc:subfield code="d">PUL</marc:subfield></marc:datafield><marc:datafield tag="050" ind1="1" ind2="4"><marc:subfield code="a">ML5</marc:subfield><marc:subfield code="b">.R3815</marc:subfield></marc:datafield><marc:datafield tag="130" ind1="0" ind2=" "><marc:subfield code="a">Revue musicale (Paris, France : 1902)</marc:subfield></marc:datafield><marc:datafield tag="245" ind1="0" ind2="3"><marc:subfield code="a">La Revue musicale.</marc:subfield></marc:datafield><marc:datafield tag="260" ind1=" " ind2=" "><marc:subfield code="a">Paris :</marc:subfield><marc:subfield code="b">H. Welter,</marc:subfield></marc:datafield><marc:datafield tag="300" ind1=" " ind2=" "><marc:subfield code="a">11 v. ;</marc:subfield><marc:subfield code="c">27 cm.</marc:subfield></marc:datafield><marc:datafield tag="310" ind1=" " ind2=" "><marc:subfield code="a">Semimonthly,</marc:subfield><marc:subfield code="b">July 1903-Jan. 1912</marc:subfield></marc:datafield><marc:datafield tag="321" ind1=" " ind2=" "><marc:subfield code="a">Monthly,</marc:subfield><marc:subfield code="b">Oct. 1902-June 1903</marc:subfield></marc:datafield><marc:datafield tag="362" ind1="0" ind2=" "><marc:subfield code="a">2. année, no 10 (oct. 1902)-12. année, no 1 (1. janv. 1912).</marc:subfield></marc:datafield><datafield tag="599" ind1=" " ind2=" "><subfield code="a">ark:/88435/tt44pq59d</subfield><subfield code="b">bmtnabj_1905-12-15_02</subfield><subfield code="v">vol.5,supplement 1905-12-15</subfield></datafield>
      
      
      
      
      
      
      
      
      
      
      
      
      
      
      
      
      
      
      
      
      
      
      
      
      
      
      
      
      
      
      
      
      
      
      
      
      
      
      
      
      
      
      
      
      
      
      
      
      
      
      
      
      
      
      
      
      
      
      
      
      
      
      
      
      
      
      
      
      
      
      
      
      
      
      
      
      
      
      
      
      
      
      
      
      
      
      
      
      
      
      
      
      
      
      
      
      
      
      
      
      
      
      
      
      
      
      
      
      
      
      
      
      
      
      
      
      
      
      
      
      
      
      
      
      
      
      
      
      
      
      
      
      
      
      
      
      <marc:datafield tag="700" ind1="1" ind2=" "><marc:subfield code="a">Welter, H.</marc:subfield></marc:datafield>
      <marc:datafield tag="780" ind1="0" ind2="0"><marc:subfield code="t">Revue d'histoire et de critique musicales</marc:subfield></marc:datafield>
      <marc:datafield tag="785" ind1="0" ind2="4"><marc:subfield code="t">Revue musicale S.I.M. (Paris, France : 1912)</marc:subfield></marc:datafield>
      <marc:datafield tag="856" ind1="4" ind2="1"><marc:subfield code="u">http://arks.princeton.edu/ark:/88435/x633f241p</marc:subfield></marc:datafield>
      <marc:datafield tag="945" ind1=" " ind2=" "><marc:subfield code="a">MUS</marc:subfield><marc:subfield code="b">1</marc:subfield><marc:subfield code="c">ML5</marc:subfield><marc:subfield code="d">.R35</marc:subfield><marc:subfield code="e">t.2-9</marc:subfield></marc:datafield>
      <marc:datafield tag="911" ind1=" " ind2=" "><marc:subfield code="a">19981027</marc:subfield></marc:datafield>
   </record>
</collection>
